
@misc{xu2016show,
      title={Show, Attend and Tell: Neural Image Caption Generation with Visual Attention},
      author={Kelvin Xu and Jimmy Ba and Ryan Kiros and Kyunghyun Cho and Aaron Courville and Ruslan Salakhutdinov and Richard Zemel and Yoshua Bengio},
      year={2016},
      eprint={1502.03044},
      archivePrefix={arXiv},
      primaryClass={cs.LG}
}

@misc{wang2017residual,
      title={Residual Attention Network for Image Classification},
      author={Fei Wang and Mengqing Jiang and Chen Qian and Shuo Yang and Cheng Li and Honggang Zhang and Xiaogang Wang and Xiaoou Tang},
      year={2017},
      eprint={1704.06904},
      archivePrefix={arXiv},
      primaryClass={cs.CV}
}


@misc{bello2020attention,
      title={Attention Augmented Convolutional Networks},
      author={Irwan Bello and Barret Zoph and Ashish Vaswani and Jonathon Shlens and Quoc V. Le},
      year={2020},
      eprint={1904.09925},
      archivePrefix={arXiv},
      primaryClass={cs.CV}
}

@misc{vaswani2017attention,
      title={Attention Is All You Need},
      author={Ashish Vaswani and Noam Shazeer and Niki Parmar and Jakob Uszkoreit and Llion Jones and Aidan N. Gomez and Lukasz Kaiser and Illia Polosukhin},
      year={2017},
      eprint={1706.03762},
      archivePrefix={arXiv},
      primaryClass={cs.CL}
}
@misc{ba2015multiple,
      title={Multiple Object Recognition with Visual Attention},
      author={Jimmy Ba and Volodymyr Mnih and Koray Kavukcuoglu},
      year={2015},
      eprint={1412.7755},
      archivePrefix={arXiv},
      primaryClass={cs.LG}
}


@article{WeiObjDet2021,
    author = {Li, Wei and Liu, Kai and Zhang, Lizhe and Cheng, Fei},
    journal = {Scientific Reports},
    number = {1},
    pages = {11307},
    title = {Object detection based on an adaptive attention mechanism},
    volume = {10},
    year = {2020}
}

@misc{liu2021query2label,
    title={Query2Label: A Simple Transformer Way to Multi-Label Classification},
    author={Shilong Liu and Lei Zhang and Xiao Yang and Hang Su and Jun Zhu},
    year={2021},
    eprint={2107.10834},
    archivePrefix={arXiv},
    primaryClass={cs.CV}
}